<?xml version="1.0" encoding="UTF-8"?><record xmlns="http://www.loc.gov/MARC21/slim" xmlns:cinclude="http://apache.org/cocoon/include/1.0" xmlns:zs="http://www.loc.gov/zing/srw/">
  <leader>00949nz  a2200229n  4500</leader>
  <controlfield tag="001">no2015100217</controlfield>
  <controlfield tag="003">DLC</controlfield>
  <controlfield tag="005">20150731073532.0</controlfield>
  <controlfield tag="008">150730n| azannaabn          |a aaa     c</controlfield>
  <datafield tag="010" ind1=" " ind2=" ">
    <subfield code="a">no2015100217</subfield>
  </datafield>
  <datafield tag="035" ind1=" " ind2=" ">
    <subfield code="a">(OCoLC)oca10231335</subfield>
  </datafield>
  <datafield tag="040" ind1=" " ind2=" ">
    <subfield code="a">OkU</subfield>
    <subfield code="b">eng</subfield>
    <subfield code="e">rda</subfield>
    <subfield code="c">OkU</subfield>
  </datafield>
  <datafield tag="100" ind1="1" ind2=" ">
    <subfield code="a">Wiener, Keith</subfield>
  </datafield>
  <datafield tag="370" ind1=" " ind2=" ">
    <subfield code="a">Atlanta, Ga.</subfield>
  </datafield>
  <datafield tag="372" ind1=" " ind2=" ">
    <subfield code="a">Law</subfield>
  </datafield>
  <datafield tag="373" ind1=" " ind2=" ">
    <subfield code="a">Emory University School of Law</subfield>
  </datafield>
  <datafield tag="373" ind1=" " ind2=" ">
    <subfield code="a">Syracuse University</subfield>
  </datafield>
  <datafield tag="373" ind1=" " ind2=" ">
    <subfield code="a">Holland &amp; Knight</subfield>
    <subfield code="s">1993</subfield>
  </datafield>
  <datafield tag="400" ind1="1" ind2=" ">
    <subfield code="a">Wiener, Keith M.</subfield>
  </datafield>
  <datafield tag="670" ind1=" " ind2=" ">
    <subfield code="a">Current practices to set and monitor DBE goals on design-build projects and other alternative project delivery methods</subfield>
    <subfield code="b">t.p. (Keith Wiener)</subfield>
  </datafield>
  <datafield tag="670" ind1=" " ind2=" ">
    <subfield code="a">Linkedin, via WWW, July 30, 2015</subfield>
    <subfield code="b">(Keith Wiener, Atlanta, Georgia, Law Practice, holland&amp;knight 1993-present)</subfield>
  </datafield>
  <datafield tag="670" ind1=" " ind2=" ">
    <subfield code="a">Holland &amp; Knight webpage, July 30, 2015</subfield>
    <subfield code="b">(Keith M. Wiener, Partner, Emory University School of Law, J.D.  Syracuse University, B.A., Political Science, magna cum laude)</subfield>
  </datafield>
</record>